@article{
	Campaign,
	author = {Christi Olson},
	title  = {Just say it: The furture of search is voice and personal digital assistant},
	year = {2016},
	url = {https://www.campaignlive.co.uk/article/just-say-it-future-search-voice-personal-digital-assistants/1392459},
    urldate = {2018-07-13}
}

@article{
	prNewswire,
	author = {OC\&C Strategy Consultants},
	title  = {"Voice Shopping Set to Jump to \$40 Billion By 2022, Rising From \$2 Billion Today},
	year = {2018},
	url = {https://www.prnewswire.com/news-releases/voice-shopping-set-to-jump-to-40-billion-by-2022-rising-from-2-billion-today-300605596.html},
    urldate = {2018-07-13}
}

@article{
	highervisibility,
	author = {Adam Heitzman},
	title  = {How popular is voice search?},
	year = {2017},
	url = {https://www.highervisibility.com/blog/how-popular-is-voice-search/},
    urldate = {2018-07-13}
}

@article{
	homeAssistants,
	author = {Geeks of Technology},
	title  = {Choosing The Best Voice Assistant For Your Home},
	year = {2018},
	url = {https://geeksfl.com/blog/best-voice-assistant/},
    urldate = {2018-07-20}
}

@article{
	cortanaAssistent,
	author = {Mircosoft},
	title  = {Cortana, Ihre persönliche digitale Assistentin},
	year = {2018},
	url = {https://privacy.microsoft.com/de-de/windows-10-cortana-and-privacy},
    urldate = {2018-06-05}
}

@article{
	siriAssistent,
	author = {Apple},
	title  = {Hey Siri, weck mich morgen früh um 7:00 Uhr.},
	year = {2018},
	url = {https://www.apple.com/de/ios/siri/},
    urldate = {2018-06-05}
}

@article{
	alexaAssitent,
	author = {Amazon},
	title  = {Alexa Assistant},
	year = {2018},
	url = {https://www.amazon.de/b?ie=UTF8&node=12775495031},
    urldate = {2018-06-05}
}

@article{
	alexaPrivacy,
	author = {Amazon},
	title  = {Alexa Internet Privacy Notice},
	year = {2018},
	url = {https://www.alexa.com/help/privacy},
    urldate = {2018-06-06}
}

@article{
	googleAssistant,
	author = {Google},
	title  = {Google Assistant - Just say},
	year = {2018},
	url = {https://assistant.google.com/#?modal_active=none},
    urldate = {2018-06-06}
}

@article{
	googlePrivacy,
	author = {Google},
	title  = {Datenschutzerklärung \& Nutzungsbedingungen},
	year = {2018},
	url = {https://policies.google.com/privacy#whycollect},
    urldate = {2018-06-06}
}

@article{
	baiduAssistant,
	author = {Baidu},
	title  = {What makes our Artificial Intelligence technology unique},
	year = {2018},
	url = {https://dueros.baidu.com/en/index.html},
    urldate = {2018-06-06}
}

@article{
	baiduPrivacy,
	author = {Baidu},
	title  = {Baidu Statement of Privacy Protection},
	year = {2018},
	url = {http://ir.baidu.com/phoenix.zhtml?c=188488\&p=privacy},
    urldate = {2018-06-06}
}

@article{
	baiduAI,
	author = {Jessi hemple},
	title  = {How Baidu will win china's AI race - and, maybe, the world's},
	year = {2017},
	url = {https://www.wired.com/story/how-baidu-will-win-chinas-ai-raceand-maybe-the-worlds/},
    urldate = {2018-06-06}
}

@article{
	googleShare,
	author = {Google},
	title  = {Choose what to share with your Google Assistant},
	year = {2018},
	url = {https://support.google.com/assistant/answer/7126196?hl=en},
    urldate = {2018-06-06}
}

@article{
	siriPrivacy,
	author = {Apple},
	title  = {Umgang mit Datenschutz},
	year = {2018},
	url = {https://www.apple.com/de/privacy/approach-to-privacy/},
    urldate = {2018-06-06}
}

@article{
	mycroftsmartspeaker,
	author = {Jack Wallen},
	title  = {Mycroft Mark II offers something its digital assistant competitors can't: Privacy and openness},
	year = {2018},
	url = {https://www.techrepublic.com/article/mycroft-mark-ii-offers-consumers-what-other-digital-assistants-cant-privacy/},
    urldate = {2018-06-06}
}

@article{
	SnowboyHotwordDetection,
	author = {Kitt.ai},
	title  = {Snowboy Hotword Detection},
	year = {2018},
	url = {https://snowboy.kitt.ai/},
    urldate = {2018-07-10}
}

@article{
	TrulyHandsfreeTM,
	author = {Sensory},
	title  = {TrulyHandsfreeTM},
	year = {2018},
	url = {http://www.sensory.com/products/embedded-software-and-sdks/},
    urldate = {2018-07-10}
}

@article{
	VMWare,
	author = {VMWare},
	title  = {VMWare},
	year = {2018},
	url = {https://www.vmware.com/},
    urldate = {2018-07-11}
}

@article{
	Docker,
	author = {Docker},
	title  = {Docker},
	year = {2018},
	url = {https://www.docker.com/},
    urldate = {2018-07-11}
}

@article{
	IBMBluemix,
	author = {IBM},
	title  = {Virtual Server},
	year = {2018},
	url = {https://www.ibm.com/cloud/virtual-servers},
    urldate = {2018-07-11}
}

@article{
	AWSAmazonEC2,
	author = {Amazon},
	title  = {Amazon EC2},
	year = {2018},
	url = {https://aws.amazon.com/de/ec2},
    urldate = {2018-07-11}
}

@article{
	MicrosoftAzure,
	author = {Microsoft},
	title  = {Virtual Server},
	year = {2018},
	url = {https://azure.microsoft.com/en-us/services/virtual-machines/},
    urldate = {2018-07-11}
}

@article{
	AmazonComprehed,
	author = {Amazon},
	title  = {Amazon Comprehed},
	year = {2018},
	url = {https://aws.amazon.com/de/comprehend/},
    urldate = {2018-07-11}
}

@article{
	AmazonTranslate,
	author = {Amazon},
	title  = {Amazon Translate},
	year = {2018},
	url = {https://aws.amazon.com/de/translate/},
    urldate = {2018-07-11}
}

@article{
	AmazonTranscript,
	author = {Amazon},
	title  = {Amazon Transcript},
	year = {2018},
	url = {https://aws.amazon.com/de/transcribe/},
    urldate = {2018-07-11}
}

@article{
	AmazonPolly,
	author = {Amazon},
	title  = {Amazon Polly},
	year = {2018},
	url = {https://aws.amazon.com/de/polly/},
    urldate = {2018-07-11}
}

@article{
	AmazonLex,
	author = {Amazon},
	title  = {Amazon Lex},
	year = {2018},
	url = {https://aws.amazon.com/de/lex/},
    urldate = {2018-07-11}
}

@article{
	AmazonLambda,
	author = {Amazon},
	title  = {Amazon Lambda},
	year = {2019},
	url = {https://aws.amazon.com/de/lambda/},
    urldate = {2019-02-06}
}



@article{
	MicrosoftAzureCognitiveServices,
	author = {Microsoft},
	title  = {Cognitive Services},
	year = {2018},
	url = {https://azure.microsoft.com/en-us/services/cognitive-services/directory/speech/},
    urldate = {2018-07-11}
}

@article{
	IBMWatsonSpeechServices,
	author = {IBM},
	title  = {Speech Services},
	year = {2018},
	url = {https://www.ibm.com/watson/services/},
    urldate = {2018-07-11}
}

@article{
	Nuance,
	author = {Nuance},
	title  = {Nuance},
	year = {2018},
	url = {https://www.nuance.com},
    urldate = {2018-07-11}
}

@article{
	MozillaCommonVoice,
	author = {Mozilla},
	title  = {Mozilla Common Voice},
	year = {2018},
	url = {https://voice.mozilla.org/de},
    urldate = {2018-07-12}
}

@article{
	Kaldi,
	author = {Kaldi},
	title  = {Kaldi},
	year = {2018},
	url = {http://kaldi-asr.org/},
    urldate = {2018-07-12}
}

@article{
	Pocketsphinx,
	author = {CMUSphinx},
	title  = {Pocketsphinx},
	year = {2018},
	url = {https://cmusphinx.github.io},
    urldate = {2018-07-12}
}

@article{
	restful-api,
	author = {M. Rouse},
	title  = {RESTful-API},
	year = {2016},
	url = {https://searchmicroservices.techtarget.com/definition/RESTful-API},
    urldate = {2019-01-20}
}

@article{
	bw-cloud,
	title  = {BW-Cloud},
	url = {https://www.bw-cloud.org/},
    urldate = {2019-01-20}
}

@article{
	loopback,
	title  = {loopback},
	year = {2010},
	url = {https://loopback.io},
    urldate = {2019-01-20}
}

@article{
	mongodb,
	title  = {MongoDB},
	year = {2019},
	url = {https://www.mongodb.com/de},
    urldate = {2019-01-20}
}

@book{
    kairannenberg,
    author = {Dietmar Abts and Wilhelm Mülder},
    year = {2009},
    title = {Grundkurs Wirtschaftsinformatik: Eine kompakte und praxisorientierte Einführung},
    publisher = {Vieweg+Teubner},
    pages = {489–497},
    ISBN = {978-3834805966}
}